[gd_scene load_steps=5 format=2]

[ext_resource path="res://scenes/Main.gd" type="Script" id=1]
[ext_resource path="res://scenes/camera/Camera.tscn" type="PackedScene" id=2]
[ext_resource path="res://scenes/terrain/Terrain.tscn" type="PackedScene" id=3]
[ext_resource path="res://data_grid/DataGrid.tscn" type="PackedScene" id=4]

[node name="Main" type="Spatial"]
script = ExtResource( 1 )
building_scenes_directory = "res://scenes/buildings"
lotline_scenes_directory = "res://scenes/lot_lines"
building_parent = NodePath("buildings")
lotline_parent = NodePath("lot_lines")

[node name="Camera" parent="." instance=ExtResource( 2 )]
transform = Transform( 0.758729, -0.452131, 0.468944, 0, 0.719894, 0.694084, -0.651406, -0.526622, 0.546204, 183.178, 250.588, 299.258 )
far = 100000.0

[node name="DirectionalLight" type="DirectionalLight" parent="."]
transform = Transform( 0.986968, -0.0216355, -0.159454, 0.0981081, -0.704537, 0.702853, -0.127548, -0.709337, -0.693233, 0, 34.7235, 0 )
shadow_enabled = true
directional_shadow_blend_splits = true
directional_shadow_depth_range = 1
directional_shadow_max_distance = 1000.0

[node name="terrain" parent="." instance=ExtResource( 3 )]
transform = Transform( 1, 0, 0, 0, 1, 0, 0, 0, 1, -21708.5, 0, 29766.8 )

[node name="buildings" type="Spatial" parent="."]

[node name="lot_lines" type="Spatial" parent="."]

[node name="UI" type="CanvasLayer" parent="."]

[node name="main" type="Control" parent="UI"]
anchor_right = 1.0
anchor_bottom = 1.0
mouse_filter = 2
__meta__ = {
"_edit_use_anchors_": false
}

[node name="Lotlines" type="Panel" parent="UI/main"]
margin_left = 9.0
margin_top = 10.0
margin_right = 205.0
margin_bottom = 64.0
__meta__ = {
"_edit_use_anchors_": false
}

[node name="lotlines_height" type="VBoxContainer" parent="UI/main/Lotlines"]
margin_left = 7.0
margin_top = 7.0
margin_right = 190.0
margin_bottom = 47.0
__meta__ = {
"_edit_use_anchors_": false
}

[node name="Label" type="Label" parent="UI/main/Lotlines/lotlines_height"]
margin_right = 183.0
margin_bottom = 14.0
size_flags_horizontal = 3
text = "Lot lines height (default: 0.5)"

[node name="HSlider" type="HSlider" parent="UI/main/Lotlines/lotlines_height"]
margin_top = 18.0
margin_right = 183.0
margin_bottom = 34.0
size_flags_horizontal = 3
min_value = 0.5
max_value = 10.0
step = 0.5
value = 0.5
exp_edit = true
tick_count = 10
ticks_on_borders = true

[node name="Info" type="Panel" parent="UI/main"]
self_modulate = Color( 1, 1, 1, 0.784314 )
anchor_top = 1.0
anchor_right = 1.0
anchor_bottom = 1.0
margin_top = -39.0
__meta__ = {
"_edit_use_anchors_": false
}

[node name="Label" type="Label" parent="UI/main/Info"]
anchor_right = 1.0
anchor_bottom = 1.0
align = 1
valign = 1
__meta__ = {
"_edit_use_anchors_": false
}

[node name="DataGrid" parent="." instance=ExtResource( 4 )]

[connection signal="value_changed" from="UI/main/Lotlines/lotlines_height/HSlider" to="." method="_set_lotlines_height_offset"]
