[gd_scene load_steps=5 format=2]

[ext_resource path="res://data_grid/DataGrid.gd" type="Script" id=1]
[ext_resource path="res://data_grid/DataGrid.tres" type="Material" id=2]

[sub_resource type="CubeMesh" id=1]
size = Vector3( 3, 1, 3 )

[sub_resource type="MultiMesh" id=2]
color_format = 2
transform_format = 1
mesh = SubResource( 1 )

[node name="DataGrid" type="Spatial"]
script = ExtResource( 1 )

[node name="MultiMeshInstance" type="MultiMeshInstance" parent="."]
transform = Transform( 1, 0, 0, 0, 0.999752, -0.0222511, 0, 0.0222511, 0.999752, 0, 0, 0 )
material_override = ExtResource( 2 )
multimesh = SubResource( 2 )

[node name="CanvasLayer" type="CanvasLayer" parent="."]

[node name="Control" type="Control" parent="CanvasLayer"]
anchor_right = 1.0
anchor_bottom = 1.0
mouse_filter = 2
__meta__ = {
"_edit_use_anchors_": false
}

[node name="MarginContainer" type="MarginContainer" parent="CanvasLayer/Control"]
anchor_left = 1.0
anchor_right = 1.0
margin_left = -217.0
margin_bottom = 40.0
custom_constants/margin_right = 15
custom_constants/margin_top = 15
custom_constants/margin_left = 0
__meta__ = {
"_edit_use_anchors_": false
}

[node name="VBoxContainer" type="VBoxContainer" parent="CanvasLayer/Control/MarginContainer"]
margin_top = 15.0
margin_right = 202.0
margin_bottom = 40.0
size_flags_horizontal = 3
__meta__ = {
"_edit_use_anchors_": false
}

[node name="HBoxContainer" type="HBoxContainer" parent="CanvasLayer/Control/MarginContainer/VBoxContainer"]
margin_right = 202.0
margin_bottom = 24.0
size_flags_horizontal = 0
alignment = 2

[node name="Label" type="Label" parent="CanvasLayer/Control/MarginContainer/VBoxContainer/HBoxContainer"]
margin_top = 5.0
margin_right = 49.0
margin_bottom = 19.0
text = "Weight:"
__meta__ = {
"_edit_use_anchors_": false
}

[node name="Code Weight" type="LineEdit" parent="CanvasLayer/Control/MarginContainer/VBoxContainer/HBoxContainer"]
margin_left = 53.0
margin_right = 111.0
margin_bottom = 24.0

[node name="Code" type="MenuButton" parent="CanvasLayer/Control/MarginContainer/VBoxContainer/HBoxContainer"]
margin_left = 115.0
margin_right = 159.0
margin_bottom = 24.0
text = "Code"

[node name="Year" type="MenuButton" parent="CanvasLayer/Control/MarginContainer/VBoxContainer/HBoxContainer"]
margin_left = 163.0
margin_right = 202.0
margin_bottom = 24.0
focus_mode = 2
text = "Year"

[node name="TextureRect" type="TextureRect" parent="CanvasLayer"]
anchor_right = 1.0
margin_right = -324.0
margin_bottom = 20.0
rect_min_size = Vector2( 700, 20 )
size_flags_horizontal = 3
expand = true
__meta__ = {
"_edit_use_anchors_": false
}

[connection signal="text_entered" from="CanvasLayer/Control/MarginContainer/VBoxContainer/HBoxContainer/Code Weight" to="." method="_on_Code_Weight_text_entered"]
